<?xml version="1.0" encoding="UTF-8"?><record xmlns="http://www.loc.gov/MARC21/slim" xmlns:cinclude="http://apache.org/cocoon/include/1.0" xmlns:zs="http://www.loc.gov/zing/srw/">
  <leader>00517cz  a2200145n  4500</leader>
  <controlfield tag="001">n  91068518 </controlfield>
  <controlfield tag="003">DLC</controlfield>
  <controlfield tag="005">20111119074958.0</controlfield>
  <controlfield tag="008">910712n| acannaab|          |n aaa |||  </controlfield>
  <datafield tag="010" ind1=" " ind2=" ">
    <subfield code="a">n  91068518 </subfield>
  </datafield>
  <datafield tag="035" ind1=" " ind2=" ">
    <subfield code="a">(Uk)002711957</subfield>
  </datafield>
  <datafield tag="040" ind1=" " ind2=" ">
    <subfield code="a">DLC</subfield>
    <subfield code="c">DLC</subfield>
    <subfield code="d">Uk</subfield>
  </datafield>
  <datafield tag="100" ind1="1" ind2=" ">
    <subfield code="a">Wilderom, Celeste</subfield>
  </datafield>
  <datafield tag="670" ind1=" " ind2=" ">
    <subfield code="a">The Economics of care of the elderly, c1991:</subfield>
    <subfield code="b">CIP t.p. (Celeste Wilderom, Vrije Universiteit Amsterdam, faculty of economics)</subfield>
  </datafield>
  <datafield tag="670" ind1=" " ind2=" ">
    <subfield code="a">The handbook of organizational culture and climate, 2011:</subfield>
    <subfield code="b">t.p. (Celeste P.M. Wilderom)</subfield>
  </datafield>
</record>